<record><leader>00000cas a22000007a 4500</leader><controlfield tag="001">13351757</controlfield><controlfield tag="008">860327d19581962aluwr ne      0    0eng d</controlfield><datafield ind1=" " ind2=" " tag="010"><subfield code="a">sn 86050111 </subfield></datafield><datafield ind1=" " ind2=" " tag="040"><subfield code="a">AAR</subfield><subfield code="b">eng</subfield><subfield code="c">AAR</subfield><subfield code="d">CPN</subfield><subfield code="d">NLG</subfield><subfield code="d">OCLCQ</subfield></datafield><datafield ind1=" " ind2=" " tag="042"><subfield code="a">msc</subfield></datafield><datafield ind1="0" ind2=" " tag="130"><subfield code="a">DeKalb County news (Fort Payne, Ala.)</subfield></datafield><datafield ind1="1" ind2="0" tag="245"><subfield code="a">DeKalb County news.</subfield></datafield><datafield ind1=" " ind2=" " tag="260"><subfield code="a">Fort Payne, Ala. :</subfield><subfield code="b">George Gothberg Newspapers</subfield></datafield><datafield ind1=" " ind2=" " tag="300"><subfield code="a">v. ;</subfield><subfield code="c">58 cm.</subfield></datafield><datafield ind1=" " ind2=" " tag="310"><subfield code="a">Weekly</subfield></datafield><datafield ind1="1" ind2=" " tag="362"><subfield code="a">Began in 1958.</subfield><subfield code="z">Cf. Ayer, 1959.</subfield></datafield><datafield ind1="0" ind2=" " tag="362"><subfield code="a">-v. 5, no. 36 (Oct. 25, 1962).</subfield></datafield><datafield ind1=" " ind2=" " tag="588"><subfield code="a">Description based on: Vol. 3, no. 27 (Aug. 25, 1960).</subfield></datafield><datafield ind1=" " ind2=" " tag="752"><subfield code="a">United States</subfield><subfield code="b">Alabama</subfield><subfield code="c">DeKalb</subfield><subfield code="d">Fort Payne.</subfield></datafield><datafield ind1="0" ind2="5" tag="780"><subfield code="t">Nickajack news</subfield><subfield code="w">(DLC)sn 89053751</subfield></datafield><datafield ind1="1" ind2=" " tag="029"><subfield code="a">AU@</subfield><subfield code="b">000025838587</subfield></datafield></record>